@book{toro2021,
  author = {Toro, David},
  title = {Programación reactiva en Java con Spring WebFlux},
  year = {2021},
  publisher = {Marcombo},
  language = {spanish}
}

@online{villanueva2020,
  author = {Villanueva, Juan},
  title = {¿Qué es la programación reactiva? Ventajas y aplicaciones},
  year = {2020},
  url = {https://www.paradigmadigital.com/dev/programacion-reactiva/},
  note = {Consultado el 1 de agosto de 2025},
  language = {spanish}
}
